3394 5116
444 438 658 497 HINCMARUS
677 439 724 495 DE
743 441 881 496 ORDINE
900 439 1047 494 PALATII
1065 456 1087 494 c.
1100 440 1123 494 1.
1141 439 1165 494 2.
1356 439 1371 494 7

285 923 516 989 Admonitio
543 922 753 988 Hinemari
778 923 991 988 Remorum
1023 924 1324 1011 archiepiscopi
1380 943 1458 991 nuc

325 1028 370 1093 ad
401 1027 618 1114 episcopos
647 1034 684 1092 et
712 1027 756 1092 ad
785 1049 918 1113 regem
947 1027 1285 1094 Karolomannum

651 1152 721 1217 per
748 1132 955 1218 capitula·.

378 1302 577 1369 Hincmarus
600 1302 771 1390 episcopus
795 1323 833 1368 ac
855 1302 963 1389 plebis
987 1302 1052 1369 Dei
1074 1303 1225 1369 famulus.

195 1487 207 1525 s
321 1457 399 1544 (lap.
425 1463 449 1522 1.
469 1410 543 1524 Pro
566 1459 686 1524 aetatis
716 1465 749 1523 et
778 1458 862 1523 sacri
889 1457 1010 1523 ordinis
1040 1458 1231 1545 antiquitate
1261 1467 1373 1560 poste·

234 1547 336 1610 riores
360 1552 524 1631 tempore,
555 1545 634 1611 boni
663 1552 696 1611 et
718 1545 885 1631 sapientes
909 1544 987 1626 viri,
1016 1545 1137 1630 rogatis
1162 1547 1374 1631 exiguitatem

234 1653 351 1711 meam,
375 1639 420 1713 ut,
444 1632 500 1718 qui
523 1633 663 1716 negotiis
687 1632 919 1698 ecclesiasticis
944 1637 977 1696 et
1001 1632 1164 1717 palatinis,
1189 1633 1317 1719 quando
1341 1634 1374 1699 in

234 1718 448 1805 amplitudine
465 1725 499 1783 et
522 1719 647 1785 unitate
669 1719 763 1804 regni
784 1739 942 1805 prospere
966 1718 1159 1803 agebantur,
1184 1720 1319 1786 interfui
1342 1726 1375 1785 et

234 1805 372 1871 consilia
402 1805 648 1892 doctrinamque
682 1806 826 1886 illorum,
863 1805 919 1955 qui
953 1811 1100 1870 sanctam
1134 1807 1306 1871 ecclesiam
1340 1807 1373 1871 in

183 1915 208 1954 ιο
235 1892 408 1958 sanctitate
432 1899 466 1957 et
488 1893 613 1958 iustitia
637 1898 802 1975 rexerunt,
827 1911 861 1955 sa
908 1896 1080 1972 eteorum,
1105 1894 1159 1978 qui
1177 1893 1374 1958 soliditatem

234 1980 327 2065 regni
361 1984 510 2066 tempore
545 1980 712 2065 superiore
749 1978 940 2065 prosperius
972 1978 1217 2065 disposuerunt,
1253 1980 1374 2060 audivi,

235 2087 369 2152 quorum
393 2065 579 2150 magisterio
603 2065 809 2132 traditionem
833 2066 993 2130 maiorum
1017 2087 1148 2132 suorum
1170 2065 1277 2149 didici,
1300 2072 1375 2153 post

234 2153 358 2218 obitum
393 2153 493 2218 etiam
524 2152 634 2218 domni
657 2153 842 2218 Hludowici
865 2145 1088 2238 imperatoris1
1122 2154 1155 2218 in
1180 2174 1292 2218 eorum
1316 2153 1374 2219 ob-

235 2241 359 2326 sequio,
375 2240 429 2326 qui
446 2260 504 2325 pro
520 2240 659 2304 filiorum
678 2239 759 2320 eius,
782 2244 861 2304 tunc
877 2240 1033 2325 temporis
1049 2260 1165 2324 regum
1179 2245 1374 2322 nostrorum,

184 2351 208 2390 rs
235 2326 410 2392 concordia
420 2332 627 2411 sategerunt,
640 2348 699 2412 pro
715 2326 846 2391 modulo
863 2346 934 2392 meo
950 2325 1178 2410 frequentibus
1192 2327 1374 2410 itineribus,

234 2413 342 2477 verbis
378 2417 412 2478 et
441 2413 572 2499 seriptis
596 2413 758 2493 laboravi,
789 2412 830 2477 ad
853 2412 1091 2478 institutionem
1120 2413 1215 2478 istius
1246 2412 1374 2480 iuvenis

237 2507 270 2564 et
293 2499 440 2564 moderni
462 2500 548 2585 regis
572 2500 674 2565 nostri
698 2506 731 2564 et
754 2499 795 2564 ad
818 2499 1056 2565 reerectionem
1079 2499 1210 2565 honoris
1227 2507 1261 2566 et
1283 2502 1375 2586 pacis

236 2587 396 2652 ecclesiae
426 2607 464 2651 ao
494 2588 586 2672 regni
615 2586 761 2652 ordinem
785 2585 1044 2651 ecclesiasticum
1067 2593 1102 2652 et
1132 2587 1375 2672 dispositionem

236 2672 351 2739 domus
365 2675 474 2759 regiae
487 2674 520 2738 in
534 2695 626 2739 sacro
639 2673 770 2760 palatio,
785 2672 868 2739 sicut
885 2672 993 2737 audivi
1006 2673 1124 2753 etvidi,
1138 2672 1375 2751 demonstrem3

183 2779 208 2820 au
235 2767 395 2846 quatenus
411 2761 444 2824 in
466 2761 611 2827 novitate
629 2782 688 2826 sua
704 2781 744 2825 aa
759 2760 906 2825 doctrina
922 2759 1096 2842 imbuatur,
1119 2760 1203 2824 utin
1219 2760 1375 2846 regimine

234 2847 328 2931 regni
351 2846 423 2912 Deo
446 2848 578 2933 plaeere
603 2853 636 2912 et
658 2847 691 2912 in
715 2845 777 2912 hoc
801 2847 933 2912 saeculo
956 2846 1094 2912 feliciter
1115 2867 1151 2912 re
1199 2867 1254 2912 are
1278 2852 1312 2912 et
1334 2847 1375 2912 de

234 2934 401 3018 praesenti
423 2954 526 3018 regno
551 2933 591 2999 ad
609 2939 778 2998 aeternum
793 2933 901 2998 valeat
916 2932 1100 3018 pervenire.
1168 2933 1375 3019 xperimento

234 3019 354 3106 quippe
385 3021 627 3104 cognoscimus,
652 3021 728 3107 quia
750 3041 808 3085 vas
831 3040 968 3099 novum,
999 3039 1062 3104 quo
1086 3019 1175 3105 prius
1201 3041 1319 3106 sapore
1343 3027 1376 3087 et

234 3105 333 3172 odore
363 3106 523 3171 imbutum
546 3106 654 3186 fuerit,
677 3104 756 3170 illud
780 3107 814 3170 in
837 3110 1003 3192 posterum
1026 3104 1082 3170 diu
1104 3106 1269 3190 retinebit,
1293 3107 1376 3172 sieut

181 3211 205 3253 aa
235 3197 268 3257 et
291 3192 420 3279 quidam
446 3193 577 3279 sapiens
601 3192 692 3257 dicit:

339 3269 445 3353 ‘Qu02
468 3280 572 3345 semel
596 3284 647 3344 est
669 3278 795 3344 imbuta
818 3297 932 3343 recens
957 3277 1103 3343 servabit
1126 3277 1260 3343 odorem

382 3365 483 3432 Testa
506 3363 582 3431 diu!

320 3450 364 3516 Et
386 3443 556 3538 legimusss,
580 3451 742 3539 quomodo
759 3448 951 3516 Alexander
974 3449 1006 3514 in
1030 3449 1172 3536 pueritia
1188 3471 1247 3516 sua
1262 3449 1378 3517 habuit

234 3538 381 3604 baiulum
403 3541 534 3604 nomine
563 3538 763 3619 Leonidam,
791 3537 900 3602 citatis
930 3536 1074 3602 moribus
1106 3542 1139 3602 et
1162 3537 1376 3623 incomposito

181 3645 207 3684 ao
232 3626 366 3692 incessu
389 3626 583 3704 notabilem,
629 3647 691 3691 uae
715 3646 806 3710 puer,
831 3624 923 3710 quasi
939 3623 990 3688 lae
1007 3622 1224 3689 adulterinum
1243 3645 1376 3708 sugens,

233 3711 273 3777 ab
297 3733 336 3777 eo
365 3713 512 3799 sumpsit.
558 3647 654 3778 Unde
678 3712 711 3776 in
734 3711 846 3776 adulta
869 3716 978 3776 aetate
1002 3710 1135 3797 sapiens
1158 3716 1192 3774 et
1208 3732 1267 3776 rex
1283 3711 1377 3775 fortis

233 3820 268 3864 se
298 3799 404 3886 ipsum
434 3798 699 3885 reprehendebat
728 3803 761 3863 et
783 3797 887 3862 vitare
910 3796 1058 3875 volebat,
1091 3796 1161 3877 sed,
1188 3802 1225 3862 ut
1247 3797 1376 3882 legitur,

234 3906 308 3950 eum
330 3886 440 3950 omnia
461 3908 496 3951 re
521 3907 564 3951 na
580 3886 704 3963 vicerit,
729 3885 763 3949 in
777 3883 839 3948 hoc
856 3903 891 3948 se
909 3883 1020 3969 ipsum
1035 3883 1166 3949 vincere
1182 3905 1245 3950 non
1285 3885 1376 3950 otuit.

319 3971 397 4057 Oap.
422 3976 452 4037 2.
497 3907 616 4038 lntelle
641 3976 675 4037 at
698 3970 796 4056 igitur
812 3970 962 4035 dominus
979 3990 1048 4051 rex,
1073 3970 1114 4035 ad
1131 3970 1216 4055 quod
1234 3906 1376 4037 odicium

180 4081 205 4122 ss
233 4062 284 4122 est
313 4064 506 4143 provectus,
540 4064 573 4124 et
603 3993 757 4124 obaudiat
791 4055 1077 4122 commonitionem
1112 4063 1210 4142 atque
1241 4059 1375 4124 commi-

319 4233 341 4278 ι)
356 4230 439 4271 Ruta:
453 4228 486 4272 Da
499 4228 575 4272 ordina
588 4226 666 4283 palatii
679 4230 760 4271 adiecit
778 4229 845 4271 strue.
874 4227 922 4280 Csr.
937 4239 1007 4282 supra
1018 4240 1042 4280 p.
1056 4231 1077 4281 t,
1091 4233 1136 4270 aot.
1152 4231 1171 4272 a.

321 4367 347 4436 1)
374 4365 529 4421 urucam
559 4349 615 4420 Pa.
726 4366 755 4435 a)
775 4364 889 4422 uaeas
918 4365 1007 4434 Epist.
1037 4365 1081 4421 ua
1112 4365 1138 4433 1,
1169 4380 1208 4432 ap.
1229 4365 1255 4433 a,
1282 4379 1306 4419 v.
1330 4365 1377 4421 aa.

232 4436 260 4506 3)
282 4435 480 4506 Quintilianus,
498 4435 542 4490 Da
559 4435 676 4491 iactitat.
695 4440 793 4491 erutor.
813 4435 839 4505 I,
857 4449 878 4490 c.
890 4437 914 4504 1,
933 4436 958 4490 9.
