3394 5116
365 444 400 501 16
546 446 761 504 HINCMARUS
778 449 826 503 ΒΕ
844 447 982 504 ORDINE
1000 447 1148 505 PALATII
1167 469 1189 506 o.
1203 452 1322 508 18-20.

365 622 423 687 illa
449 620 633 688 sollicitudo
657 621 781 705 deerat,
804 629 850 704 ut,
875 625 902 689 si
916 624 984 689 fieri
999 625 1169 711 potuisset,
1194 627 1278 690 siout
1292 626 1353 692 hoc
1367 648 1504 713 regnum

367 709 439 774 Deo
457 715 591 773 auctore
606 729 648 772 ex
664 709 810 795 pluribus
827 711 1014 796 regionibus
1032 716 1168 794 constat,
1192 733 1234 777 ex
1250 712 1388 778 diversis
1405 715 1505 779 etiam

366 795 491 860 eisdem
515 796 704 880 regionibus
728 803 784 861 aut
806 798 840 862 in
862 799 966 883 primo
990 804 1046 863 aut
1068 800 1102 862 in
1126 799 1269 865 secundo
1285 807 1341 864 aut
1357 801 1455 865 etiam
1470 802 1505 866 in

365 882 514 966 quolibet
536 884 608 947 loco
632 881 719 947 idem
741 884 878 949 ministri
894 885 1094 970 eligerentur
1102 876 1142 967 82,
1159 887 1298 970 qualiter
1312 887 1504 952 familiarius

365 989 515 1054 quaeque
538 969 690 1054 regiones
712 970 871 1055 palatium
896 971 985 1036 adiro
1013 978 1159 1057 possent,
1185 972 1261 1037 dum
1286 994 1365 1038 suae
1381 986 1510 1058 genea-'
1545 989 1557 1026 ⁵

363 1055 470 1140 logiae
513 1056 566 1120 vol
608 1057 751 1140 regionis
797 1063 965 1123 consortes
1009 1060 1043 1124 in
1080 1060 1201 1144 palatio
1239 1062 1347 1124 locum
1390 1066 1504 1126 tenere
1572 1073 1574 1077 ‘

368 1147 614 1226 cognoscerent.

453 1226 532 1315 Cap.
552 1232 601 1293 19.
631 1228 694 1293 His
723 1229 772 1292 ita
794 1228 940 1295 brevitor
963 1230 1003 1295 de
1027 1231 1185 1316 eligendis
1210 1237 1243 1296 et
1267 1233 1503 1298 constituendis

363 1315 520 1380 ministris
565 1314 740 1400 praedictis
781 1337 866 1381 nunc
912 1316 954 1381 ad
992 1317 1170 1382 eorundem
1210 1319 1427 1384 ministrorum
1472 1327 1505 1386 et

363 1401 637 1466 ministrationum
660 1401 818 1484 ordinem,
843 1403 985 1488 qualiter
1008 1405 1190 1484 currebant,
1214 1404 1410 1470 veniendum
1443 1413 1503 1471 est.
1530 1422 1558 1460 10

363 1488 447 1553 Nam
481 1489 627 1573 quamvis
657 1488 796 1574 praefati
824 1490 963 1554 ministri
991 1492 1214 1576 unusquisque
1242 1490 1282 1556 de
1322 1513 1380 1556 suo
1408 1493 1502 1557 mini-

365 1576 465 1641 sterio
490 1595 555 1639 non
579 1574 639 1639 sub
663 1574 726 1639 alio
750 1575 804 1640 vel
826 1597 885 1662 per
908 1578 1017 1658 alium,
1041 1577 1104 1640 nisi
1127 1598 1186 1663 per
1215 1599 1250 1643 se
1273 1579 1380 1664 ipsum
1398 1580 1504 1644 solnm

362 1681 484 1747 regem,
508 1662 562 1726 vel
585 1667 742 1745 quantum
766 1661 807 1726 ad
829 1663 976 1747 reginam
999 1663 1051 1728 vel
1074 1664 1250 1748 gloriosam
1272 1665 1399 1750 prolem
1415 1667 1502 1750 regis

362 1748 594 1834 respiciebant,
618 1753 717 1834 caput
738 1755 908 1833 ponerent,
932 1754 1123 1815 nontamen
1139 1772 1250 1816 omnes
1267 1753 1447 1837 aequaliter
1461 1753 1501 1818 de

363 1835 503 1900 caeteris
527 1835 626 1899 rebus
643 1835 696 1898 vel
720 1841 924 1901 caeterorum
945 1837 1196 1902 necessitatibus
1220 1859 1332 1923 regem
1356 1837 1502 1921 adibant,
1530 1854 1556 1893 1⁵

363 1920 422 1986 sed
437 1942 593 1986 mensura
610 1941 669 1985 sua
691 1922 826 2006 quisque
844 1928 1014 1988 contentus
1038 1929 1108 1988 erat
1131 1929 1173 2006 et,
1197 1924 1256 1988 ubi
1270 1925 1324 1990 vel
1347 1925 1403 1988 ubi
1420 1927 1501 1990 ratio

362 2007 531 2093 poscebat,
555 2007 707 2072 solatium
737 2009 871 2073 alterius
895 2008 1092 2095 requirebat.
1130 2010 1158 2074 E
1185 2012 1301 2095 quibus
1326 2013 1501 2098 praecipue

363 2094 438 2177 duo,
462 2094 494 2158 id
520 2100 571 2160 est
594 2087 867 2180 apocrisiarius83,
892 2097 946 2180 qui
962 2103 1097 2160 vocatur
1119 2097 1206 2182 apud
1229 2119 1290 2162 nos
1310 2098 1501 2182 capellanus

362 2181 416 2245 vel
445 2181 559 2267 palatii
593 2187 717 2263 custos,
746 2180 786 2246 de
823 2182 972 2246 omnibus
1006 2183 1144 2268 negotiis
1184 2184 1418 2249 ecclesiasticis
1448 2186 1502 2250 vel

362 2267 519 2332 ministris
536 2267 705 2350 ecclesiae,
719 2272 753 2332 et
768 2289 876 2334 comas
892 2260 1042 2353 palatii84
1055 2269 1095 2334 de
1111 2270 1261 2336 omnibus
1278 2271 1501 2336 saecularibus
1529 2291 1556 2331 20

363 2355 469 2419 causis
495 2356 548 2420 rel
574 2354 702 2419 iudiciis
737 2354 935 2442 suscipiendi
962 2376 1072 2420 curam
1100 2357 1261 2423 instanter
1288 2349 1500 2439 habebantssi,

361 2446 398 2506 ut
438 2462 498 2506 nec
533 2440 747 2506 ecclesiastici
781 2461 842 2506 nec
877 2443 1061 2507 saeculares
1088 2445 1177 2528 prius
1202 2443 1356 2508 domnum
1388 2466 1500 2529 rogem

362 2527 486 2614 absquo
503 2547 617 2592 eorum
633 2527 784 2592 consultu
798 2528 979 2614 inquietare
994 2549 1132 2595 necesse
1148 2531 1318 2612 haberent,
1331 2552 1500 2617 quousque

361 2615 410 2678 illi
432 2614 677 2700 praeviderent,
709 2614 736 2677 si
762 2616 945 2680 necessitas
977 2621 1073 2698 esset,
1100 2623 1136 2681 ut
1164 2639 1262 2682 causa
1285 2623 1360 2682 anto
1387 2639 1501 2703 regem

367 2703 482 2766 merito
512 2701 623 2766 venire
652 2699 805 2777 deberet;
835 2702 963 2767 sivero
991 2709 1120 2768 secreta
1152 2708 1241 2770 esset
1270 2725 1376 2785 causa,
1403 2726 1500 2790 quam
1527 2724 1552 2764 aa

361 2789 450 2874 priua
473 2793 667 2872 congrueret
689 2787 770 2872 regi,
793 2808 891 2872 quam
913 2789 1064 2874 cuiquam
1096 2792 1191 2856 alteri
1213 2791 1334 2872 dicere,
1359 2791 1499 2856 eundem

362 2874 493 2939 dicendi
512 2875 622 2938 locum
643 2873 752 2938 eidem
767 2874 831 2960 ipsi
847 2883 1081 2962 praepararent
1102 2877 1287 2942 introducto
1304 2878 1392 2962 prius
1410 2898 1499 2962 rege,

361 2966 397 3025 ut
419 2961 482 3026 hoo
505 2961 599 3025 iuxta
620 2960 752 3026 modum
768 2982 927 3046 personae
942 2962 995 3026 rel
1011 2963 1246 3028 honorabiliter
1260 2964 1313 3027 rel
1335 2963 1500 3048 patienter

360 3049 415 3112 uel
438 3048 536 3113 etiam
559 3047 814 3112 misericorditer
836 3048 1028 3133 susciperet.

449 3133 528 3220 Gap.
553 3137 604 3199 20.
647 3135 888 3220 Apocrisiarius
919 3134 1049 3220 quidem
1084 3134 1125 3199 de
1160 3136 1245 3199 omni
1276 3135 1500 3202 ecclesiastica
1526 3155 1551 3195 ao

361 3221 520 3306 religione
543 3221 596 3286 rel
620 3221 732 3286 ordine
755 3242 882 3287 necnon
905 3223 1003 3286 etiam
1028 3221 1069 3286 de
1099 3221 1288 3287 canonicaei
1312 3223 1364 3287 vel
1387 3244 1497 3287 mona-

362 3308 479 3374 eticaei
510 3309 737 3387 altercatione,
771 3328 829 3372 seu
852 3327 1065 3393 quaecunque
1088 3309 1247 3393 palatium
1276 3308 1410 3373 adibant
1440 3330 1497 3394 pro

362 3395 594 3460 ecclesiasticis
625 3394 894 3475 necessitatibus,
929 3394 1180 3459 sollicitudinem
1209 3396 1360 3475 haberet,
1397 3400 1429 3459 et
1459 3415 1499 3459 ea

362 3481 586 3546 tantummodo
611 3480 650 3544 de
667 3482 813 3545 externis
829 3501 940 3566 regem
957 3479 1095 3560 adirent,
1112 3502 1195 3566 quae
1212 3483 1282 3545 sine
1298 3481 1353 3545 illo
1370 3481 1498 3567 plenius

362 3568 489 3632 deliniri
512 3588 577 3632 non
598 3567 792 3653 potuissent.
823 3566 1000 3632 Caeterum
1015 3573 1132 3631 utnon
1149 3568 1251 3632 solum
1268 3566 1386 3648 dehis,
1412 3587 1496 3652 quae
1525 3592 1548 3630 aa

363 3654 405 3719 ad
422 3676 478 3720 eos
497 3654 683 3738 specialiter
705 3652 745 3719 de
769 3655 857 3718 omni
871 3660 1062 3719 ornamento
1079 3654 1132 3718 vel
1153 3654 1259 3720 officio
1277 3654 1498 3718 ecclesiastico

360 3742 446 3806 infra
467 3741 625 3826 palatium
648 3740 775 3825 agenda
797 3742 1015 3825 pertinebant,
1031 3761 1144 3804 uerum
1168 3761 1296 3827 quoque
1320 3746 1354 3806 et
1369 3761 1498 3805 omnem

364 3828 621 3892 consolationem
653 3827 833 3912 spiritalem
859 3828 928 3892 sive
960 3827 1130 3892 consilium
1160 3828 1258 3892 totius
1286 3828 1400 3912 palatii
1428 3828 1497 3912 qui-

363 3935 490 4000 cunque
518 3919 691 3998 quaereret
719 3913 806 3999 apud
833 3935 923 3996 eum,
952 3920 989 3978 ut
1017 3933 1151 3980 neccsse
1176 3922 1261 3996 erat,
1289 3913 1427 3978 fideliter
1448 3915 1497 3977 in-

362 4002 498 4081 veniret,
523 4007 556 4065 et
580 4001 722 4087 quinon
746 4008 927 4086 quaereret,
952 4008 985 4066 et
1008 4006 1118 4066 tamen
1142 4003 1213 4090 ipse
1242 4000 1328 4086 apud
1356 4003 1498 4088 aliquem
1524 4026 1549 4064 40

445 4169 463 4222 i)
476 4172 509 4213 r‘ra
523 4174 587 4220 Buar
601 4171 708 4214 canoniea
720 4171 757 4213 vol
770 4173 893 4216 monastica
909 4185 967 4216 corr.
984 4176 1055 4222 Proca·
1065 4175 1207 4226 supplendum
1221 4173 1320 4214 uidetur.-
1332 4171 1454 4225 roligionis.

446 4310 492 4377 82)
517 4310 572 4376 θίν’.
594 4309 682 4364 Waita
703 4311 719 4364 l.
733 4327 753 4365 c.
772 4311 827 4364 111
831 4313 848 4379 ²,
869 4311 1018 4380 p.5033q.‚·
1041 4311 1171 4364 &uum
1189 4311 1205 4365 l.
1218 4327 1239 4364 c.
1258 4310 1298 4376 H,
1320 4327 1350 4379 p.
1363 4311 1419 4366 102.
1440 4310 1497 4363 112.

360 4377 525 4517 ἒμθῐίέ.1ξ.
536 4381 596 4506 ἐῗὸ
679 4381 724 4448 84)
751 4380 807 4475 Osa.
826 4396 848 4436 c.
860 4382 903 4436 21.
1002 4381 1047 4448 85)
1072 4381 1127 4446 Csr.
1148 4379 1324 4448 Walali·tdus
1346 4380 1363 4432 l.
1381 4395 1403 4432 c.
1421 4394 1441 4433 a
1454 4378 1496 4445 32,
