3394 5116
365 467 400 520 20
549 464 763 520 HINCMARUS
783 464 830 520 DE
850 464 986 520 ORDINE
1005 465 1154 520 PALA'l'II
1173 484 1195 522 c.
1207 466 1318 521 27-29.

368 660 431 726 qua
447 660 532 704 nunc
550 641 647 723 victu,
672 662 758 705 nune
774 641 903 719 vestitu,
921 661 1005 705 nunc
1022 660 1111 722 auro,
1134 661 1219 704 nunc
1236 646 1382 726 argento,
1406 639 1502 704 modo

367 728 459 812 equis
483 729 536 792 vel
560 729 698 792 caeteris
715 729 913 792 ornamentis
930 727 1091 792 interdum
1108 726 1305 814 specialiter,
1329 727 1502 811 aliquando

366 819 464 899 prout
486 819 626 899 tempus,
657 814 738 879 ratio
763 823 796 879 et
819 814 898 878 ordo
927 815 1121 899 condignam
1144 821 1342 899 potestatem
1366 813 1503 877 admini-

368 900 511 978 strabat,
540 901 670 986 saepius
694 902 869 986 porrectis,
901 901 933 964 in
959 923 997 966 eo
1028 909 1138 965 tamen
1160 900 1403 965 indeficientem
1426 921 1503 964 con-

368 986 561 1051 solationem
593 1008 721 1052 necnon
744 987 785 1051 ad
812 988 923 1071 regale
956 987 1144 1072 obsequium
1174 988 1409 1051 inflammatum
1434 988 1503 1051 ani·
1543 1001 1555 1039 ⁵

367 1095 454 1137 mum
472 1073 639 1138 ardentius
654 1095 784 1159 semper
799 1073 979 1138 habebant:
997 1074 1081 1159 quod
1097 1075 1172 1138 illos
1188 1074 1327 1160 praefati
1342 1074 1505 1159 capitanei

366 1152 632 1224 ministeriales98
656 1161 805 1226 certatim
821 1161 861 1224 de
879 1160 931 1226 die
949 1161 1095 1242 indiam,
1119 1182 1205 1225 nuno
1222 1162 1311 1241 istos,
1327 1180 1414 1224 nunc
1430 1161 1503 1225 illos

367 1247 408 1310 ad
437 1249 624 1312 mansiones
648 1269 722 1312 suas
746 1247 909 1311 vocabant
937 1253 970 1312 et
998 1268 1063 1312 non
1091 1253 1157 1312 tarn
1188 1248 1285 1333 gulae
1314 1249 1503 1326 voracitate,

367 1355 463 1418 quam
479 1355 578 1398 verae
601 1334 828 1398 familiaritatis
853 1355 912 1398 seu
934 1333 1116 1400 dilectionis
1134 1355 1253 1413 amore,
1277 1339 1373 1420 prout
1388 1336 1503 1419 cuique

368 1420 521 1507 possibile
543 1427 627 1502 erat,
651 1420 841 1506 impendere
866 1420 1057 1497 studebant;
1081 1422 1191 1506 sieque
1220 1421 1330 1501 fiebat,
1354 1427 1389 1484 ut
1412 1442 1504 1484 rarus
1531 1441 1558 1479 10

368 1509 506 1592 quisque
528 1507 612 1571 infra
632 1507 869 1571 hebdomadam
890 1515 1086 1589 remaneret,
1109 1508 1244 1592 quinon
1260 1509 1302 1572 ab
1318 1508 1427 1592 aliquo
1444 1527 1503 1592 pro

366 1593 552 1657 huiusmodi
576 1592 683 1657 studio
707 1600 949 1660 convocaretur.

453 1679 533 1765 Cap.
550 1683 600 1744 28.
639 1672 767 1745 Alter96
792 1680 870 1744 ordo
895 1701 954 1766 per
978 1680 1107 1764 singula
1130 1680 1310 1744 ministeria
1332 1680 1503 1764 discipulis

367 1767 577 1850 congruebat,
598 1767 653 1851 qui
667 1767 824 1849 magistro
849 1787 907 1830 suo
933 1767 1053 1851 singuli
1077 1767 1292 1831 adhaerentes
1316 1773 1349 1832 et
1373 1766 1504 1830 honori-

366 1852 507 1916 ficabant
544 1859 577 1917 et
613 1853 908 1919 honorificabantur
946 1854 1092 1938 locisque
1132 1854 1251 1936 singuli
1292 1855 1374 1934 suis,
1409 1857 1505 1938 prout
1531 1871 1556 1910 1⁵

367 1941 591 2025 opportunitas
617 1941 818 2022 occurrebat,
842 1946 878 2004 ut
894 1962 913 2005 a
931 1939 1061 2004 domino
1077 1939 1217 2004 videndo
1235 1940 1286 2004 vel
1310 1938 1504 2026 alloquendo

368 2028 624 2091 consolarentur.
669 2026 800 2092 Tertius
825 2027 904 2091 ordo
926 2027 1006 2090 item
1038 2033 1107 2091 erat
1136 2031 1203 2090 tam
1226 2028 1383 2091 maiorum
1408 2047 1504 2111 quam

366 2114 528 2177 minorum
558 2114 591 2177 in
620 2115 729 2198 pueris
758 2115 812 2179 vel
840 2114 989 2195 vasallis,
1022 2134 1102 2199 quos
1136 2114 1373 2199 unusquisque,
1408 2117 1505 2198 prout

366 2200 550 2284 gubernare
576 2206 609 2265 et
631 2205 816 2265 sustentare
840 2201 964 2285 absque
987 2208 1132 2286 peccato,
1154 2201 1268 2284 rapina
1283 2201 1436 2264 videlieet
1451 2199 1505 2264 rel

366 2289 470 2368 t'urto,
500 2292 645 2373 poterat,
680 2287 824 2352 studiose
853 2287 976 2352 habere
1007 2287 1257 2373 procumbente.
1305 2285 1345 2351 In
1374 2286 1504 2372 quibus,
1531 2311 1558 2350 20

367 2374 493 2437 scilicet
516 2372 732 2438 denominatis
749 2374 927 2454 ordinibus,
951 2373 1074 2459 absque
1097 2374 1157 2453 his,
1181 2373 1235 2457 qui
1252 2393 1381 2458 semper
1396 2371 1504 2437 eundo

366 2466 399 2523 et
422 2459 589 2525 redeundo
621 2461 777 2545 palatium
800 2461 1062 2545 frequentabant,
1091 2465 1163 2525 erat
1186 2460 1394 2539 delectabile,
1419 2458 1504 2543 quod

364 2544 527 2610 interdum
551 2553 585 2610 et
606 2547 810 2627 necessitati,
839 2548 866 2610 si
889 2553 1024 2632 repente
1054 2549 1237 2631 ingrueret,
1261 2567 1391 2632 semper
1417 2545 1504 2610 suffi-

366 2639 492 2708 eerent;
517 2639 684 2698 ettamen
708 2654 848 2718 semper,
877 2638 914 2696 ut
938 2633 1058 2697 dictum
1082 2639 1142 2714 est,
1172 2634 1275 2696 maior
1297 2654 1373 2719 pars
1397 2632 1504 2696 illiusq

364 2726 497 2804 propter
513 2720 664 2805 superius
681 2725 952 2784 commemoratas
969 2721 1190 2805 benignitates
1207 2741 1280 2784 cum
1300 2718 1503 2784 iucunditate
1531 2741 1557 2782 aa

365 2811 399 2869 et
422 2806 586 2871 hilaritate
610 2813 762 2892 prompta
784 2811 818 2870 et
841 2806 940 2870 alacri
963 2814 1071 2872 mente
1094 2807 1321 2892 persisterent.

277 2917 355 2964 aaa.
452 2891 599 2978 capno.
647 2891 797 2956 Secunda
820 2891 936 2956 divisio
960 2897 1025 2974 est,
1055 2914 1118 2977 qua
1140 2893 1240 2956 totius
1271 2891 1364 2976 regni
1388 2896 1504 2971 status,

365 2981 563 3063 anteposito,
593 2979 689 3042 sicuti
718 3000 847 3065 semper
878 2985 911 3043 et
939 2979 1151 3063 ubicumque,
1184 2978 1416 3063 omnipotentis
1439 2976 1504 3042 Dei

364 3065 499 3145 iudicio,
535 3073 691 3150 quantum
722 3065 763 3130 ad
793 3068 967 3131 humanam
1002 3067 1160 3130 rationem
1189 3064 1389 3150 pertinebat,
1425 3085 1503 3128 con-

365 3153 487 3216 servari
504 3152 684 3233 videbatur,
709 3153 791 3218 haec
814 3159 875 3217 est.
914 3151 1124 3219 Consuetudo
1133 3144 1162 3192 99
1185 3155 1294 3216 autem
1318 3158 1396 3216 tunc
1418 3157 1502 3215 tem·
1532 3173 1558 3212 so

364 3240 449 3323 poris
472 3239 547 3303 talis
565 3247 644 3320 erat,
668 3246 703 3304 ut
726 3261 790 3304 uon
814 3241 956 3326 saepius,
981 3241 1040 3306 sed
1059 3241 1110 3306 bis
1134 3241 1167 3304 in
1185 3260 1269 3305 anno
1292 3240 1415 3324 placita
1439 3238 1502 3302 duo

363 3331 569 3389 tenerentur:
599 3347 715 3406 unum,
745 3326 872 3410 quando
901 3327 1113 3391 ordinabatur
1142 3334 1244 3392 status
1277 3327 1378 3391 totius
1408 3325 1502 3410 regni

363 3411 403 3476 ad
427 3413 503 3475 anni
519 3413 677 3477 vertentis
695 3405 908 3498 spacium100;
934 3413 1018 3499 quod
1034 3414 1216 3478 ordinatum
1238 3415 1347 3477 nullus
1364 3417 1501 3478 eventus

364 3519 481 3580 rerum,
505 3500 566 3563 nisi
590 3521 715 3564 summa
738 3499 930 3580 necessitas,
955 3521 1038 3585 quae
1063 3501 1213 3565 similiter
1236 3505 1304 3563 toto
1328 3519 1428 3585 regno
1451 3498 1501 3561 in-

363 3585 547 3667 cumbebat,
565 3587 760 3652 mutabatur.
784 3586 822 3650 In
840 3606 903 3672 quo
920 3586 1043 3672 placito
1059 3587 1257 3671 generalitas
1274 3587 1501 3651 universorum
1529 3605 1555 3644 ss

363 3673 537 3754 maiorum,
583 3679 650 3736 tam
689 3674 880 3738 clericorum
918 3694 1015 3758 quam
1053 3675 1223 3751 laicorum,
1271 3672 1500 3742 conveniebat;

363 3761 509 3824 seniores
543 3767 676 3846 propter
705 3761 875 3825 consilium
905 3759 1134 3839 ordinandum,
1169 3752 1331 3824 minores1
1368 3764 1503 3845 propter

363 3844 448 3910 idem
480 3847 653 3911 consilium
681 3847 923 3933 suscipiendum
955 3854 988 3912 et
1019 3847 1180 3912 interdum
1209 3848 1331 3932 pariter
1357 3851 1501 3910 tracten-

362 3931 437 3996 dum
462 3939 495 3997 et
522 3954 586 3997 non
610 3956 653 3998 ex
674 3940 855 4019 potestate,
889 3933 945 3999 sed
969 3955 1011 3998 ex
1035 3934 1166 4020 proprio
1190 3934 1308 3998 mentis
1331 3933 1501 3998 intellectu

423 4086 471 4178 dp)
485 4088 521 4178 εἷς
533 4088 599 4134 Bru„-
612 4089 743 4140 procurabat
757 4099 814 4130 corr.
833 4089 896 4128 mou.
983 4088 1005 4140 q)
1019 4099 1064 4128 sc:
1083 4085 1233 4129 multitudinis
1250 4089 1282 4127 vel
1301 4085 1394 4138 ordinis;
1414 4085 1501 4128 illorum
1526 4089 1553 4129 40

364 4150 421 4179 emm
439 4150 474 4180 av.
521 4151 557 4180 014.

446 4259 492 4328 98)
511 4258 568 4325 Cfr.
584 4259 675 4313 Waltz
696 4258 713 4312 l.
732 4274 753 4313 e.
773 4258 846 4326 111²,
867 4275 897 4326 p.
911 4258 1007 4326 bitiae.
1094 4259 1139 4324 99)
1160 4257 1214 4324 Ost.
1234 4257 1323 4312 Wor'tr
1346 4258 1363 4311 l.
1381 4273 1401 4310 a
1421 4256 1499 4322 ΠΡ,

356 4345 386 4396 p.
399 4329 450 4383 555
458 4343 524 4396 eppa
543 4329 674 4381 Bracaer
691 4329 708 4381 t.
720 4343 740 4381 c.
754 4328 794 4396 11,
808 4329 960 4396 p.130sqq.
1032 4327 1093 4396 100)
1113 4326 1189 4381 la:
1204 4343 1254 4396 per
1270 4343 1374 4381 cauum
1391 4341 1499 4380 carrea-

360 4403 421 4463 term
444 4398 495 4463 cfr.
514 4397 604 4450 Waltz
628 4398 645 4451 l.
664 4413 684 4451 c.
703 4397 758 4450 111
764 4401 784 4464 ²,
804 4413 831 4464 p.
844 4399 903 4452 556.
921 4398 980 4461 557,
1002 4401 1056 4450 rtet.
1075 4399 1103 4461 1,·
1126 4396 1202 4450 Proa
1224 4398 1240 4452 l.
1258 4413 1280 4450 c.
1304 4411 1329 4462 p.
1344 4395 1385 4460 ta,
1406 4400 1460 4449 aot.
1474 4396 1498 4450 2.

362 4468 388 4534 1)
408 4465 463 4532 Osr.
485 4466 576 4520 Waita
597 4467 614 4521 l.
633 4482 653 4520 e.
672 4466 747 4533 ΠΡ,
763 4482 791 4533 p.
803 4466 862 4533 582,
879 4471 935 4519 aot.
948 4466 979 4534 2,·
992 4482 1021 4534 p.
1033 4467 1092 4534 586,
1111 4471 1166 4520 aot.
1177 4467 1200 4520 4.
1525 4486 1551 4524 ce
