3394 5116
445 437 661 492 HINOMARUS
679 436 726 492 DD
747 437 885 492 ORDINE
904 437 1052 494 PALATII
1070 458 1093 495 c.
1105 442 1130 496 8.
1149 441 1173 494 9.
1342 438 1373 494 11

237 613 409 698 quicquam
439 613 561 694 facere,
590 611 678 698 quod
707 617 835 699 patrum
871 613 975 699 possit
1000 614 1123 700 regulis
1151 612 1305 692 obviare’,
1328 615 1376 680 ita

236 699 365 783 legibus
394 700 495 764 sacris
524 698 690 764 decretum
714 705 774 780 est,
805 705 841 765 ut
864 692 1003 785 ‘leges35
1025 702 1153 767 nescire
1175 700 1256 765 nulli
1277 700 1376 766 liceat

237 793 293 852 aut
316 807 400 871 qnae
418 791 494 850 sunt
510 791 632 850 statuta
647 785 878 852 contemnere’.
917 786 999 852 Dum
1016 788 1101 852 enim
1118 787 1248 851 dicitur:
1274 786 1376 852 ‘Nulli

236 873 334 937 liceat
356 873 449 956 leges
466 873 594 938 nescire
611 873 663 937 vel
687 893 770 958 quac
794 878 869 938 sunt
890 879 1012 940 statuta
1031 870 1262 954 contemnerc’,
1285 873 1375 938 nulla

197 981 208 1020 s
235 980 379 1045 persona
400 961 433 1022 in
458 979 650 1044 quocunqne
675 959 787 1024 ordine
810 961 975 1025 mundano
999 961 1177 1046 excipitur,
1204 981 1289 1045 quae
1311 961 1374 1024 hac

238 1048 401 1112 sententia
423 1067 488 1110 non
518 1045 768 1131 constringatur.
806 1038 979 1112 Habent36
1007 1049 1094 1112 enim
1124 1068 1220 1132 reges
1248 1053 1282 1111 et
1309 1048 1374 1112 rei-

237 1133 388 1218 publicae
426 1133 565 1197 ministri
596 1133 703 1218 leges,
749 1133 865 1218 quibus
902 1135 937 1198 in
968 1155 1171 1220 quacumque
1209 1134 1376 1220 provincia

237 1218 396 1304 degentes
411 1239 527 1304 regere
544 1219 674 1301 debent,
698 1219 820 1285 habent
837 1221 980 1306 capitula
996 1221 1245 1287 christianorum
1260 1241 1375 1306 regum

237 1326 275 1369 ao
299 1306 543 1392 progenitorum
573 1326 721 1385 suorum,
756 1327 840 1391 quae
868 1308 1013 1392 generali
1042 1329 1206 1373 consensu
1231 1307 1375 1372 fidelium

132 1455 135 1462 .
185 1409 210 1448 ¹⁰
238 1413 369 1457 suornm
392 1398 507 1458 tenere
535 1393 686 1477 legaliter
709 1394 1008 1479 promulgaverunt.
1041 1394 1092 1460 De
1116 1396 1233 1481 quibus
1257 1395 1375 1460 beatus

237 1478 441 1564 Augustinus
465 1478 552 1557 dicit,
575 1480 661 1565 quia,
686 1471 807 1545 ‘licet37
823 1481 972 1546 homines
996 1481 1035 1545 de
1058 1481 1109 1546 bis
1125 1482 1278 1561 iudicent,
1302 1502 1375 1546 cnm

237 1586 293 1631 eas
316 1567 501 1644 instituunt,
525 1572 645 1647 tamen,
670 1587 744 1631 cum
766 1567 886 1633 fuerint
908 1569 1079 1633 institutae
1104 1574 1201 1653 atque
1216 1569 1375 1642 firmatae,

236 1673 299 1718 non
322 1654 435 1719 licebit
458 1652 619 1717 iudicibus
643 1654 682 1718 de
707 1653 787 1739 ipsis
809 1655 966 1736 iudicare,
990 1655 1049 1719 sed
1065 1654 1244 1720 secundum
1266 1653 1374 1740 ipsas.’

324 1739 405 1826 (lap.
423 1743 451 1806 9.
491 1739 595 1805 Multo
619 1741 723 1805 minus
750 1747 861 1806 autem
889 1743 962 1827 regi
988 1743 1042 1806 vel
1073 1742 1208 1807 cuilibet
1230 1742 1264 1806 in
1294 1761 1374 1826 quo-

184 1849 207 1889 n
237 1847 364 1913 cunque
397 1827 509 1892 ordine
544 1834 656 1891 contra
688 1827 781 1912 leges
817 1827 942 1893 divinas
975 1828 1053 1892 licet
1084 1849 1181 1913 agere
1210 1848 1270 1914 per
1296 1849 1374 1892 oon-

236 1919 406 2000 temptum.
461 1913 557 1978 Unde
594 1915 732 1999 principi
766 1920 873 1980 terrae
907 1935 1107 2001 magnopere
1139 1914 1376 2000 providendum

236 2007 333 2085 atque
366 2001 545 2066 cavendum
576 2007 642 2080 est,
677 2001 774 2066 nain
797 2000 846 2066 his
869 2000 960 2066 Deus
984 2001 1181 2082 offendatur,
1211 2022 1272 2087 per
1295 2023 1376 2087 quos

235 2087 349 2172 religio
375 2087 552 2153 christiana
576 2089 753 2152 consistere
786 2087 886 2154 debet
913 2094 947 2153 et
976 2089 1097 2153 caeteri
1123 2089 1164 2153 ab
1194 2089 1375 2153 offensione

236 2174 365 2238 salvari.
397 2173 441 2238 Et
464 2174 549 2252 ideo,
572 2175 626 2259 qui
648 2196 701 2239 res
720 2175 959 2240 ecclesiasticas
977 2175 1085 2239 divino
1101 2174 1219 2239 iudicio
1236 2174 1374 2240 tuendas

182 2279 208 2318 2⁰
236 2267 270 2324 et
292 2261 513 2326 defensandas
539 2262 700 2347 suscepit,
731 2282 893 2326 consensu
917 2263 1005 2342 eius,
1035 2262 1195 2327 electione
1227 2262 1307 2327 cleri
1337 2282 1375 2325 ac

234 2348 340 2433 plebis
376 2354 410 2413 ct
437 2348 675 2434 approbatione
711 2348 937 2435 episcoporum
965 2349 1150 2434 provinciae
1174 2349 1311 2434 quisquc
1334 2347 1376 2412 ad

235 2434 494 2500 ecclesiasticum
509 2435 657 2520 regimen
673 2435 797 2520 absque
813 2435 881 2499 ulla
896 2434 1076 2500 venalitate
1096 2433 1250 2521 *provehi
1265 2434 1375 2516 debet,
1385 2451 1401 2484 *
1408 2467 1431 2506 μ.
1443 2456 1489 2497 sn.

235 2522 321 2605 quia,
346 2521 430 2585 sicut
445 2521 607 2586 Dominus
629 2521 663 2585 in
687 2523 858 2607 evangelio
882 2522 970 2604 dicit,
995 2513 1097 2606 ‘qui3⁸
1120 2542 1185 2586 non
1202 2522 1301 2586 intrat
1316 2542 1376 2608 per

235 2609 353 2672 ostium
390 2609 422 2672 in
452 2609 538 2672 ovile
563 2609 686 2689 ovium,
721 2608 779 2673 sed
807 2609 956 2674 ascendit
985 2609 1131 2687 aliunde,
1165 2608 1220 2674 ille
1250 2608 1302 2673 fur
1325 2613 1377 2673 est

182 2709 206 2750 a
235 2699 267 2758 et
294 2692 405 2771 latro’;
437 2695 668 2760 ecclesiasticis
703 2695 825 2780 regulis
860 2697 931 2761 sine
963 2695 1153 2760 difficultate
1183 2694 1376 2760 omnimodis

235 2781 335 2846 debet
357 2782 481 2860 favere,
505 2782 618 2846 sinon
642 2781 713 2847 vult
736 2804 849 2868 regem
872 2804 987 2868 regum
1011 2781 1186 2848 offendere.
1224 2780 1268 2846 Et
1291 2782 1377 2846 sicut

235 2869 379 2954 episcopi
413 2889 451 2932 ac
485 2889 543 2933 rex
578 2869 747 2954 prouidere
780 2869 917 2950 debent,
949 2875 985 2933 ut
1018 2870 1140 2934 nullius
1175 2868 1224 2933 rei
1257 2868 1377 2933 intuitu

235 2955 374 3040 eligatur
409 2955 601 3042 episcopus,
632 2957 696 3020 nisi
725 2954 788 3022 Dei
812 2957 930 3038 solius,
960 2955 993 3021 id
1022 2961 1072 3021 est
1094 2977 1159 3021 non
1181 2975 1241 3041 pro
1266 2956 1375 3040 aliquo

234 3062 369 3107 munere
386 3041 524 3107 dationis
548 3063 610 3107 nec
634 3064 693 3129 pro
710 3042 818 3128 aliquo
835 3042 991 3127 obsequio
1013 3043 1155 3108 hnmano
1172 3043 1225 3108 vel
1240 3043 1374 3128 propin-

180 3143 206 3183 20
234 3128 359 3213 quitata
383 3129 678 3213 consanguinitatis
711 3150 771 3194 seu
801 3129 948 3195 amicitia
967 3130 1021 3194 vel
1044 3130 1179 3195 servitio
1202 3129 1376 3214 temporali

234 3220 291 3279 aut
308 3215 418 3300 aliqua
440 3216 622 3295 occasione,
647 3236 731 3300 qnae
756 3217 916 3281 contraria
939 3237 1014 3282 esse
1039 3217 1146 3302 possit
1166 3216 1296 3281 veritati
1320 3221 1376 3281 aut

233 3301 362 3366 divinae
395 3301 597 3382 auctoritati,
625 3302 672 3366 ita
702 3323 762 3366 rex
791 3302 954 3368 custodire
982 3303 1096 3382 debet,
1128 3304 1212 3368 sicut
1242 3307 1375 3368 sanctus

232 3388 438 3474 Augustinus
455 3379 704 3470 demonstrat39,
720 3380 799 3454 ne4⁰
811 3390 1000 3455 muneribus
1016 3390 1069 3455 vel
1083 3389 1249 3455 blanditiis
1265 3390 1375 3454 cuius-

232 3471 328 3561 quam
364 3476 517 3541 scelerati
550 3476 737 3561 pelliciatur
769 3482 803 3541 et
831 3475 1073 3542 adulationibus
1104 3477 1287 3562 decipiatur
1310 3498 1372 3543 nec

179 3572 203 3614 ³⁵
232 3562 478 3648 quibuscunque
494 3563 744 3649 propinquitatis
756 3563 1054 3629 necessitudinibus
1067 3564 1248 3629 coniunctis
1264 3569 1377 3628 contra

230 3648 338 3714 Deum
373 3655 584 3734 sanctamque
614 3651 788 3714 ecclesiam
818 3656 917 3736 atque
951 3650 1189 3736 rempublicam
1220 3671 1375 3736 perverse

231 3735 405 3821 agentibus
440 3736 561 3801 affectu
595 3737 718 3801 carnali
748 3728 909 3823 parcat40,
939 3737 1069 3802 dicente
1092 3737 1157 3802 Dei
1179 3737 1296 3824 spiritu
1317 3758 1376 3823 per

229 3820 338 3888 David
350 3821 554 3908 prophetam:
580 3822 708 3889 ‘Nonne
716 3814 744 3862 4¹
759 3845 826 3907 eos,
842 3826 897 3911 qui
910 3824 1050 3891 oderunt
1064 3830 1108 3907 te,
1118 3823 1220 3906 Deus,
1231 3823 1375 3904 oderam,

319 3975 363 4045 35)
386 3976 526 4045 Iatcrprct.
551 3975 587 4030 od
612 3975 675 4032 (lod.
702 3977 798 4032 thcd
818 3978 842 4045 I,
861 3978 885 4046 1,
903 3979 921 4032 2
948 3979 993 4044 (L.
1017 3977 1095 4034 Rom.
1116 3977 1196 4047 Victo.
1222 3977 1259 4032 ed·
1282 3977 1377 4032 Humi

176 4062 203 4102 to
224 4060 255 4112 p.
269 4045 322 4114 16).
391 4047 437 4114 36)
458 4045 514 4112 Ofr.
527 4045 674 4100 Hiacmmt
690 4046 761 4114 epist.
773 4047 816 4100 od.
834 4048 911 4116 epoto.
923 4048 999 4117 repat
1014 4064 1065 4116 pro
1077 4047 1284 4102 Korolomcrmo
1301 4049 1376 4114 c.15,

231 4111 318 4182 Opera
335 4114 376 4180 II,
390 4131 419 4181 p.
437 4115 503 4182 224;
522 4115 614 4170 Waltz
637 4114 696 4170 Va.
716 4115 793 4184 ΠΡ,
829 4159 834 4172 .
855 4117 913 4171 620,
988 4118 1033 4186 37)
1051 4117 1231 4184 deportatas,
1251 4115 1295 4170 De
1312 4132 1376 4170 nere

228 4182 357 4263 religione
369 4199 389 4238 c.
400 4184 442 4250 31,
458 4183 547 4264 Opere
558 4184 580 4252 Ι,
593 4185 640 4238 col.
654 4185 712 4239 768.
783 4132 828 4240 td
842 4185 899 4240 1011.
910 4187 952 4255 10,
966 4188 991 4241 1.
1060 4186 1105 4257 39)
1122 4186 1178 4253 Ost.
1192 4185 1374 4254 Amatam,

229 4252 271 4306 Dc
288 4253 393 4307 caute
410 4252 465 4307 Das
483 4253 513 4322 V,
532 4269 551 4308 c.
567 4253 609 4320 24,
635 4252 722 4322 Opera
737 4254 802 4323 VH,
819 4256 864 4309 col.
879 4256 937 4311 141.
1025 4255 1071 4324 40)
1089 4271 1125 4310 ne
1143 4255 1307 4310 muneribus
1325 4295 1332 4307 .
1348 4295 1374 4310 ..

229 4321 390 4392 decipiatur
409 4327 434 4376 et
452 4338 504 4402 nec
521 4321 734 4446 quibuscuppue
747 4364 754 4379 .
765 4363 771 4378 .
783 4366 789 4379 .
803 4327 902 4394 parcat
920 4339 953 4378 aa
971 4323 1116 4379 Htocmari
1133 4324 1242 4392 epistola
1258 4323 1289 4378 dc
1306 4323 1376 4393 repis

175 4407 201 4447 ss
225 4407 345 4460 parona
364 4396 389 4446 ct
405 4407 476 4460 repro
492 4393 640 4446 moratorie
709 4391 846 4448 Kcrolam
866 4392 975 4448 Gabala
993 4393 1096 4449 wacta
1118 4409 1140 4449 c.
1153 4395 1196 4449 21.
1209 4394 1252 4448 29.
1270 4397 1376 4462 sanmtc

229 4465 303 4531 scat,
326 4460 412 4530 Opera
430 4461 569 4530 11,1›.19.
588 4461 629 4516 23.
701 4464 745 4529 41)
764 4461 864 4518 Psalm.
885 4463 943 4532 138,
962 4462 1003 4517 21.
1022 4463 1064 4518 22.
