3394 5116
337 463 372 518 24
519 461 734 517 HINCMARUS
753 461 799 515 DE
819 458 957 515 ORDINE
976 457 1124 513 PALATII
1146 476 1168 514 c.
1181 459 1293 514 34-36.

338 635 491 701 effectum
518 633 697 720 perductae
726 634 862 719 gloriosi
892 632 1049 719 principis
1073 631 1199 697 auditui
1223 632 1257 696 in
1281 631 1380 696 sceris
1410 632 1478 696 eius

338 721 504 787 obtutibus
541 728 785 806 exponerentur
816 728 849 785 ct
883 718 1034 805 quioquid
1069 719 1188 783 dataa
1216 717 1289 784 Deo
1319 718 1478 803 sapientia

338 809 410 873 cius
433 809 571 892 eligeret
593 826 704 871 omnes
729 814 954 891 sequerentur.
992 805 1079 871 Ecce
1103 806 1188 870 sicut
1210 804 1251 870 de
1275 826 1351 884 uno,
1374 805 1421 869 ita
1436 804 1477 869 de

338 894 481 970 duobus,
511 895 564 960 vel
589 900 748 979 quotquot
771 899 901 974 essent,
938 893 1087 978 capitulis
1112 891 1284 976 agebatur,
1311 911 1478 977 quousque

339 982 448 1046 omnia
470 980 542 1045 Deo
565 982 743 1046 miserante
765 980 853 1044 illius
870 980 1026 1064 temporis
1042 978 1229 1043 necessaria
1245 979 1480 1064 expolirentur.
1517 997 1530 1036 s

426 1067 505 1153 (lap.
522 1069 573 1131 35.
618 1058 787 1132 interim¹⁷
814 1087 904 1146 vero,
936 1086 998 1150 quo
1025 1065 1108 1130 haee
1137 1065 1171 1128 in
1209 1065 1297 1150 regis
1329 1065 1479 1130 absentia

338 1154 529 1240 agebantur,
552 1153 624 1238 ipse
650 1154 801 1239 princeps
825 1154 971 1238 reliquae
995 1151 1193 1216 multitudini
1214 1151 1247 1214 in
1265 1151 1479 1236 suscipiendis

337 1241 537 1321 muneribus,
563 1239 744 1304 salutandis
768 1240 976 1325 proceribus,
1001 1237 1240 1303 confabulando
1263 1237 1369 1301 rarius
1390 1238 1477 1316 visis,

340 1325 564 1413 compatiendo
596 1326 793 1406 senioribus,
822 1324 1058 1410 congaudendo
1084 1325 1266 1389 iunioribus
1290 1330 1323 1388 et
1347 1330 1479 1389 caetera

339 1414 389 1478 his
421 1413 540 1478 similia
572 1418 639 1476 tam
668 1413 701 1476 iu
731 1413 930 1498 spiritalibus
960 1432 1120 1497 quamque
1152 1418 1186 1475 ct
1212 1411 1245 1474 in
1278 1411 1478 1476 secularibus
1506 1433 1531 1472 ro

341 1505 521 1585 occupatus
546 1504 634 1574 eret3
658 1500 838 1580 itatamen,
860 1505 906 1578 ut,
930 1499 1211 1583 quotienscunque
1234 1503 1479 1582 segregatorum

339 1588 491 1651 voluntas
523 1591 630 1666 esset,
661 1585 702 1650 ad
736 1607 792 1650 eos
815 1577 986 1665 veniret18,
1011 1585 1160 1649 similiter
1181 1604 1325 1670 quoquc,
1357 1589 1478 1667 quanto

341 1673 448 1758 spatio
460 1672 648 1751 voluissent,
672 1693 745 1737 curn
762 1673 810 1738 eis
827 1673 1037 1746 consisteret;
1061 1677 1094 1734 et
1118 1691 1191 1734 eum
1208 1671 1295 1734 omni
1310 1669 1478 1734 familiari-

340 1765 423 1840 tate,
448 1759 589 1844 qualiter
612 1759 743 1843 singula
769 1764 900 1844 reperte
922 1757 1127 1839 habuissent,
1151 1757 1349 1838 referebant,
1376 1778 1478 1843 quan-

338 1852 437 1931 taque
461 1851 574 1910 mutua
596 1845 673 1910 hinc
697 1853 730 1910 et
752 1845 828 1909 inde
858 1844 1068 1909 altereatione
1093 1844 1144 1908 vel
1174 1843 1395 1930 disputatione
1420 1864 1479 1908 seu
1506 1869 1531 1909 rc

339 1933 444 1997 amioa
468 1933 675 1998 contentione
700 1931 940 2012 decertassent,
970 1931 1115 2016 apertius
1139 1930 1331 1996 recitabant.
1378 1921 1479 1994 Sed19

339 2040 400 2084 neo
424 2019 504 2083 illud
535 2018 874 2104 praetermittendum,
905 2016 1079 2104 quomodo,
1111 2017 1138 2080 si
1168 2023 1297 2102 tempus
1327 2037 1479 2082 serenum

339 2111 422 2187 erat,
455 2111 564 2187 extra,
595 2107 796 2186 sinautem,
823 2105 909 2169 intra
935 2104 1064 2168 diversa
1092 2104 1165 2168 loca
1188 2103 1341 2168 distincta
1376 2109 1479 2182 erant,

338 2193 395 2257 ubi
433 2198 467 2256 et
500 2192 534 2256 hi
563 2191 767 2257 abundanter
795 2192 961 2276 segregati
992 2191 1141 2256 semotim
1173 2197 1206 2255 et
1236 2196 1367 2256 caetera
1394 2190 1479 2253 mul-

338 2269 481 2343 titudo20
505 2280 680 2365 separatim
704 2277 851 2342 residere
875 2278 1070 2362 potuissent,
1095 2277 1185 2364 prius
1207 2283 1317 2342 tamen
1348 2282 1479 2341 ceterae
1505 2298 1531 2338 ao

338 2365 512 2430 inferiores
525 2386 686 2452 personae
701 2365 861 2429 iuteresse
873 2365 1004 2429 minime
1018 2365 1210 2450 potuissent.
1235 2363 1327 2438 Quae
1339 2368 1478 2448 utraque

339 2459 450 2516 tamen
473 2453 637 2516 seniorum
661 2451 893 2537 susceptacula
922 2452 968 2516 sic
991 2452 1024 2514 iu
1046 2450 1172 2515 duobus
1196 2451 1302 2515 divisa
1325 2455 1427 2530 erant,
1444 2455 1480 2513 ut

339 2539 442 2624 primo
473 2558 582 2604 omnes
616 2539 771 2624 episcopi,
797 2538 935 2602 abbates
970 2538 1022 2601 vcl
1049 2537 1232 2601 huiusmodi
1262 2536 1479 2602 honorificen-

339 2624 440 2690 tiores
458 2625 567 2688 elcrioi
583 2625 707 2709 absque
730 2623 797 2688 ulla
818 2624 976 2688 laicorum
992 2623 1222 2688 commixtione
1240 2643 1480 2709 congregaren-

339 2718 407 2786 tur;
432 2712 580 2776 similiter
596 2711 730 2776 comites
746 2711 800 2775 vel
816 2711 1003 2775 huiusmodi
1020 2711 1182 2796 principes
1201 2710 1331 2775 sibimet
1347 2710 1479 2774 honori-
1508 2725 1534 2765 2⁵

340 2797 511 2862 licabiliter
535 2819 554 2862 a
578 2802 709 2862 caetera
731 2797 938 2862 multitudine
962 2797 1067 2883 primo
1091 2818 1187 2861 mane
1216 2800 1480 2882 segregarentur,

340 2904 508 2970 quousque
531 2890 677 2969 tempus,
700 2883 768 2947 sive
800 2890 974 2969 praesente
999 2885 1068 2948 sive
1093 2883 1230 2947 absente
1253 2903 1342 2968 rege,
1366 2903 1480 2946 occur-

338 2975 466 3044 reret&
491 2975 525 3035 et
540 2975 618 3034 tune
634 2968 793 3055 praedicti
810 2971 956 3035 seniores
973 2990 1064 3034 more
1081 2970 1176 3033 solito
1194 2968 1304 3033 elerici
1320 2966 1360 3032 ad
1378 2990 1481 3050 suam,

341 3056 416 3122 laici
446 3077 523 3121 vero
559 3056 600 3120 ad
631 3077 722 3121 suam
754 3057 965 3120 constitutam
990 3056 1112 3120 curiam
1143 3055 1306 3119 subselliis
1332 3055 1482 3120 similiter

341 3143 632 3209 honorificabiliter
645 3144 849 3228 praeparatis
864 3148 1130 3206 convocarentur.
1166 3140 1229 3213 Qui
1249 3162 1323 3205 cum
1338 3142 1481 3227 separati
1508 3166 1534 3206 so

342 3230 517 3294 acaeteris
537 3234 657 3307 essent,
681 3231 715 3292 in
734 3249 844 3294 eorum
865 3230 1020 3294 manebat
1035 3233 1210 3314 potestate,
1234 3228 1363 3313 quando
1384 3229 1484 3292 simul

340 3317 394 3381 vel
419 3315 547 3400 quando
572 3316 714 3402 separati
737 3317 931 3396 residerent,
955 3323 1051 3401 prout
1075 3337 1130 3380 eos
1155 3314 1343 3380 tractandae
1361 3337 1480 3380 causae

341 3403 480 3488 qualitas
496 3402 646 3482 docebat,
665 3402 733 3466 sive
750 3400 790 3466 de
810 3402 1021 3488 spiritalibus,
1042 3403 1110 3467 sive
1127 3402 1167 3466 de
1183 3402 1405 3466 saecularibus
1422 3423 1481 3466 seu

340 3491 439 3554 etiam
458 3489 652 3554 commixtis.
688 3481 887 3568 similiter21,
912 3488 939 3552 si
955 3495 1090 3574 propter
1106 3489 1285 3574 quamlibet
1302 3488 1482 3554 noscendi¹

339 3577 394 3640 vel
409 3575 629 3660 investigandi
646 3595 779 3639 causam
796 3596 1021 3660 quemcunque
1038 3597 1219 3640 convocare
1235 3577 1428 3654 voluissent,
1450 3581 1483 3639 ct
1509 3601 1534 3640 es

341 3682 376 3726 rc
400 3668 567 3747 comperta
583 3661 776 3742 discederet,
800 3663 834 3726 in
857 3682 970 3726 corum
993 3663 1161 3727 voluntate
1185 3663 1351 3727 manebat.
1386 3661 1481 3726 Haec

340 3749 470 3814 interim
486 3748 526 3813 de
542 3749 603 3830 his,
621 3769 705 3834 quae
722 3749 770 3813 eis
789 3770 809 3812 a
826 3769 906 3833 rege
920 3749 960 3812 ad
979 3748 1183 3814 tractandum
1204 3748 1500 3837 proponebantur.x

428 3833 508 3922 Oap.
525 3838 576 3904 36.
616 3827 806 3900 Secunda1⁷
823 3841 932 3900 autem
953 3837 1036 3900 ratio
1060 3836 1147 3920 regis
1166 3842 1236 3900 erat
1259 3835 1482 3920 interrogatio,

340 3921 418 4008 quid
437 3923 660 4007 unusquisque
685 3942 727 3986 ex
743 3923 800 3986 illa
821 3928 915 4008 parte
933 3923 1037 4008 regni,
1061 3944 1126 4008 qua
1139 3921 1304 4001 veniebat,
1329 3922 1483 4008 dignumy

339 4009 447 4075 relatu
469 4010 522 4074 vel
550 4013 729 4075 retractatu
759 4030 870 4075 secum
900 4010 1047 4091 afferret,
1078 4010 1154 4095 quia
1181 4015 1214 4074 ct
1243 4008 1304 4073 hoc
1332 4009 1381 4073 eis
1416 4029 1482 4073 non
1510 4033 1536 4072 so

425 4152 456 4203 w)
469 4155 503 4194 tta
517 4165 576 4195 con.
592 4155 662 4202 Prom-
676 4155 815 4196 occurrerent
835 4156 887 4197 Bur.
992 4153 1017 4206 x)
1038 4155 1071 4194 stc
1091 4153 1182 4194 conterit
1200 4153 1266 4192 Waltz
1289 4156 1305 4196 t.
1328 4163 1361 4200 c.‚·
1383 4152 1484 4196 discendi

345 4205 438 4257 σειρὴν
450 4209 465 4246 l.
481 4217 500 4247 e.
513 4219 536 4258 p.
550 4209 596 4258 704,
609 4211 653 4248 aot.
668 4210 706 4258 855
721 4205 827 4247 vescendi
840 4209 904 4258 Brea,
919 4209 984 4248 Pron.
1049 4205 1075 4258 y)
1089 4207 1122 4245 tta
1135 4216 1194 4246 corr.
1211 4205 1278 4245 Sim.
1286 4219 1295 4252 ,-
1309 4203 1376 4256 digna
1390 4207 1443 4247 Bur.

427 4317 471 4384 17)
486 4315 543 4384 Gfr.
555 4315 646 4370 Waltz
657 4316 673 4369 l.
683 4332 705 4370 c.
716 4315 793 4384 111¹,
803 4330 832 4384 p.
841 4316 936 4386 589cq.
1007 4317 1053 4440 lig
1065 4314 1279 4384 Ibidpossdsq.
1350 4315 1394 4395 19)
1408 4313 1482 4368 Ibid.

335 4385 670 4524 Ῑῇῗὲῗὲὲδέἴνᾜεέῑ.
688 4402 709 4440 c.
728 4385 768 4455 II,
782 4402 813 4456 p.
827 4385 885 4442 132.
965 4385 1009 4453 20)
1049 4385 1086 4453 fr.
1104 4401 1125 4440 o.
1138 4386 1181 4440 29.
1256 4383 1301 4454 21)
1320 4381 1411 4438 Warte
1429 4383 1445 4438 l.
1459 4398 1482 4438 c.
1509 4465 1535 4504 ⁴⁵
