3394 5116
379 473 597 528 HINGMARUS
615 473 662 528 DE
681 471 820 528 ORDINE
839 473 987 529 PALA'l'll
1007 492 1029 530 c.
1042 474 1153 530 24-27.
1301 476 1334 529 19

197 652 305 712 certus
328 667 483 712 numerus
509 654 566 712 aut
581 649 746 713 hominum
764 653 820 711 aut
844 667 960 710 canum
984 651 1040 712 aut
1068 648 1177 712 avium
1205 646 1336 712 diffiniri

196 739 320 819 potest:
349 734 425 800 ideo
450 735 483 798 in
507 734 652 820 ipsorum
675 733 810 799 arbitrio
833 734 1002 816 manebat,
1028 735 1140 820 quanti
1164 738 1197 800 et
1221 735 1334 819 quales

198 824 317 886 essent.

284 905 363 992 (lap.
380 908 430 972 25.
482 905 633 971 Sensusm
656 911 767 971 autem
790 905 824 969 in
847 906 898 970 his
923 906 1073 970 omnibus
1096 906 1172 971 talis
1197 912 1277 987 erat,
1301 911 1422 971 ute-otc·

157 1009 169 1048 t
196 1013 362 1077 nunquam
384 993 506 1078 palatio
530 993 613 1056 tales
629 995 682 1057 vel
705 991 788 1056 tanti
804 991 957 1056 deessent
973 993 1112 1056 ministri
1128 998 1262 1080 propter
1276 992 1336 1057 has

196 1080 373 1166 praecipue
390 1082 474 1145 inter
492 1084 639 1144 caeteras
661 1079 875 1143 necessitates
887 1081 941 1143 rel
964 1079 1191 1168 honestatesm.
1216 1078 1336 1160 Primo,

197 1171 233 1230 ut
257 1167 325 1232 sive
349 1167 546 1253 generaliter
563 1166 751 1245 maioribus,
772 1165 841 1230 sire
858 1165 1045 1250 specialiter
1060 1166 1113 1229 vel
1129 1165 1338 1249 singulariter

196 1252 380 1338 quibusque
404 1252 582 1317 minoribus
605 1251 835 1317 recedentibus
860 1252 1116 1338 omnitempore
1140 1257 1172 1316 et
1188 1252 1335 1316 multitu·

196 1339 272 1404 dine
302 1360 463 1424 congrua,
494 1339 563 1403 sine
593 1359 657 1425 qua
685 1339 924 1403 rationabiliter
954 1348 986 1403 et
1013 1339 1151 1404 honeste
1175 1358 1337 1403 essenon

145 1446 170 1485 ιο
197 1430 320 1512 posset,
351 1447 480 1512 semper
510 1430 600 1490 esset
629 1430 779 1490 ornatum
807 1425 963 1512 palatium
987 1431 1020 1489 et
1043 1425 1234 1490 consiliariis
1258 1445 1335 1489 con-

197 1512 303 1598 dignis
320 1533 488 1598 nunquam
504 1511 697 1577 destitutum
713 1512 844 1587 fuisset;
862 1519 894 1576 et
910 1517 945 1575 ut
961 1512 1197 1596 qualiscunque
1214 1512 1335 1596 legatio

197 1600 265 1664 sive
290 1599 493 1685 speculandi,
518 1598 586 1663 sive
611 1598 709 1662 etiam
734 1597 893 1662 subdendi
917 1598 1024 1683 gratia
1040 1599 1173 1678 veniret,
1197 1599 1337 1684 qualiter

196 1707 310 1751 omnes
340 1685 471 1773 quidem
503 1685 640 1750 honeste
671 1686 792 1770 suscipi
824 1685 1015 1771 potuissent.
1061 1684 1191 1750 Deinde
1214 1685 1335 1771 primus

196 1771 324 1837 consilii
347 1771 588 1850 rectitudinem,
616 1771 777 1836 secundus
800 1771 1042 1836 misericordiae
1067 1777 1100 1837 et
1123 1771 1335 1856 benignitatis

143 1879 166 1916 1⁵
197 1859 465 1939 consolationem,
494 1859 610 1922 tertius
639 1879 717 1923 vero
739 1859 903 1923 versutiae
928 1879 987 1924 seu
1009 1859 1203 1923 temeritatis
1228 1878 1333 1923 sermo

194 1946 335 2011 referret
358 1945 571 2020 medicinam
597 1949 630 2009 et
652 1951 688 2009 ut
711 1967 754 2011 ex
778 1965 981 2029 quacumque
1005 1952 1098 2030 parte
1122 1946 1222 2009 totius
1242 1945 1335 2029 regni

195 2032 392 2118 quicumque
417 2032 595 2110 desolatus,
621 2031 764 2112 orbatus,
788 2031 896 2096 alieno
913 2052 989 2096 aere
1005 2052 1191 2116 oppressus,
1214 2032 1334 2096 iniuste

196 2119 360 2184 calumnia
386 2119 541 2204 cuiusque
570 2117 748 2182 suffocatus
774 2138 833 2182 seu
856 2124 989 2183 caetera
1013 2118 1063 2181 his
1099 2118 1228 2198 similia,
1252 2138 1334 2203 quae

194 2225 280 2270 nune
305 2226 497 2271 enumerare
521 2206 715 2291 perlongum
739 2211 799 2285 est,
824 2205 966 2269 maxime
989 2209 1101 2269 tamen
1118 2203 1159 2270 de
1174 2203 1280 2269 viduis
1303 2208 1336 2269 et

141 2317 166 2356 ro
195 2292 349 2378 orphanis
365 2298 433 2358 tam
450 2292 615 2357 seniorum
627 2310 788 2376 quamque
806 2297 838 2355 et
854 2289 1064 2355 mediocrium
1080 2291 1334 2376 uniuscuiusque

195 2379 373 2444 secundum
399 2399 491 2444 suam
513 2377 728 2462 indigentiam
744 2377 797 2442 rel
814 2377 1016 2462 qualitatem,
1040 2377 1242 2442 dominorum
1259 2397 1335 2441 vero

194 2464 450 2532 misericordiam
473 2469 506 2530 et
529 2465 686 2550 pictatem
716 2484 847 2550 semper
878 2463 918 2528 ad
947 2485 1078 2528 manum
1106 2463 1252 2542 haberet,
1277 2484 1337 2550 per

196 2572 293 2637 quem
315 2553 435 2637 singuli
459 2549 500 2616 ad
523 2551 595 2638 pias
620 2571 715 2615 aures
737 2551 895 2637 principis
918 2551 1064 2636 perferre
1087 2551 1280 2636 potuissent.

283 2636 361 2726 Oap.
379 2642 430 2704 26.
468 2637 635 2717 Similiter,
658 2637 712 2723 qui
728 2645 862 2723 propter
878 2636 1037 2701 diutinum
1063 2637 1231 2702 servitium
1247 2636 1336 2722 digni

144 2749 169 2790 aa
198 2729 300 2806 erant,
332 2732 369 2789 ut
397 2725 600 2791 remunerari
628 2723 828 2804 debuissent,
860 2729 892 2788 et
915 2724 1007 2788 locus
1036 2723 1109 2788 talis
1133 2724 1335 2804 occurrebat,

196 2810 251 2874 ubi
283 2831 325 2875 ex
355 2812 532 2899 praedictis
570 2810 790 2896 indigentibus
814 2830 910 2874 nemo
942 2811 1012 2875 sine
1041 2831 1197 2875 mensura
1233 2810 1334 2875 desti-

196 2903 358 2974 tueretur;
382 2899 532 2964 similiter
554 2897 733 2963 secundum
757 2917 870 2963 eorum
885 2897 1074 2983 qualitatem
1091 2898 1130 2962 ad
1147 2898 1336 2962 memoriam

197 2984 380 3071 principum
418 2990 649 3051 revocarentur
687 3004 751 3048 non
789 2991 857 3047 tam
894 2985 973 3069 ipsis
1003 2985 1206 3069 urgentibus,
1240 3005 1336 3069 quarn

197 3090 320 3152 eorum,
350 3071 390 3136 de
415 3072 532 3157 quibus
556 3092 654 3158 supra
678 3071 799 3134 dictum
825 3074 886 3152 est,
910 3069 1006 3135 fidem
1039 3076 1072 3136 et
1095 3071 1240 3136 debitum
1264 3072 1335 3135 exi-

144 3179 169 3220 ro
197 3158 366 3241 gentibus;
402 3165 438 3221 ut
471 3159 503 3222 in
534 3159 581 3221 eis
615 3157 648 3221 id
681 3157 774 3222 fieret
805 3158 928 3242 primo,
966 3163 1097 3243 propter
1134 3157 1219 3244 quod
1264 3178 1336 3222 eum

195 3244 321 3307 iustitia
356 3250 389 3309 et
419 3243 641 3308 misericordia
669 3242 740 3308 Deo
772 3244 972 3330 proterente,
1007 3243 1124 3309 deinde
1155 3246 1188 3308 in
1220 3245 1336 3309 militia

195 3331 441 3395 remanentibus
472 3331 688 3395 certissimam
712 3328 851 3394 fideliter
874 3329 1046 3395 servandi⁰
1069 3331 1166 3396 fidem
1195 3338 1229 3397 et
1257 3352 1335 3396 con·

197 3417 351 3483 stantiam
384 3417 622 3499 ministrarent,
659 3415 777 3482 deinde
804 3422 841 3480 ut
876 3416 974 3481 etiam
1005 3418 1103 3504 longo
1136 3418 1249 3504 positis
1277 3439 1337 3504 per

196 3504 296 3570 totius
318 3505 413 3590 regni
441 3505 599 3570 ambitum
628 3503 786 3569 laetitiam
817 3510 850 3570 et
879 3503 1033 3588 gaudium
1064 3507 1335 3570 demonstrarent.

143 3615 168 3655 rs
196 3588 240 3654 ut
269 3591 296 3656 si
319 3592 436 3676 aliquis
467 3613 509 3657 ex
536 3590 804 3655 ministerialibus
836 3590 889 3654 vel
921 3591 1113 3656 consiliariis
1145 3592 1335 3674 decedebat,

197 3677 270 3742 loco
294 3678 365 3743 eius
390 3698 552 3765 congruus
577 3684 609 3743 et
631 3677 720 3742 utilis
744 3669 1022 3742 restituebatur95.

284 3763 362 3916 Cap.
387 3767 438 3831 27.
480 3764 524 3828 nt
546 3769 582 3828 ut
602 3763 659 3828 illa
680 3763 871 3841 multitudo,
896 3784 980 3848 quae
1003 3765 1036 3828 in
1057 3764 1180 3850 palatio
1206 3784 1336 3848 semper

196 3849 407 4003 ldiibiludss.
458 3937 532 4002 Uno
555 3937 724 4018 videlicet,
753 3943 790 4000 ut
821 3937 945 4022 absque
974 3935 1161 4003 ministeriis
1191 3936 1336 4024 expediti

143 4057 169 4097 40
196 4015 365 4106 milites97,
389 4024 574 4111 anteposita
598 4022 800 4088 dominorum
825 4023 1026 4108 benignitate
1049 4030 1082 4088 ct
1105 4022 1335 4103 sollicitudine,

354 3858 396 3926 et,
413 3851 638 3916 indeficienter
654 3851 829 3936 persistere
845 3857 968 3937 posset,
984 3851 1034 3916 his
1047 3849 1150 3914 tribus
1168 3849 1335 3916 ordinibus

282 4169 313 4222 m)
336 4172 369 4212 rte
382 4171 459 4212 dictale
480 4171 576 4224 capitata
602 4171 674 4218 Proa-
695 4171 718 4210 ἐπ
740 4171 839 4210 omaltus
861 4171 1010 4212 anterioribus
1031 4172 1080 4212 cdd.
1095 4172 1177 4212 veroa:
1190 4181 1291 4230 sensns..
1308 4200 1335 4231 ·:

195 4220 324 4264 honestatos
338 4233 385 4264 rum
395 4233 413 4268 e.
423 4227 456 4266 at.
471 4224 586 4264 malatera
601 4228 660 4264 runt.
725 4222 750 4274 n)
762 4223 794 4264 rr'r
805 4233 863 4264 corr.
876 4223 947 4271 Prota·
960 4221 1058 4276 placarat
1072 4223 1124 4265 Bur.
1187 4225 1208 4272 o)
1224 4223 1336 4264 scrvrcndr

197 4275 289 4316 conterit
298 4275 359 4326 Bra,
374 4286 433 4316 corr.
446 4273 521 4327 Sirra,
540 4275 606 4316 Prou.
953 4292 958 4310 ι

283 4395 328 4464 95)
348 4392 402 4462 Cra
418 4393 508 4448 Waltz
525 4394 542 4449 t.
552 4409 572 4448 c.
587 4393 662 4460 ΠΡ,
676 4409 707 4462 p.
720 4393 779 4448 645.
849 4393 894 4463 96)
915 4391 970 4460 Osr.
989 4408 1011 4448 c.
1024 4394 1072 4454 aa·
1087 4393 1177 4448 Waltz
1194 4393 1210 4449 l.
1221 4409 1242 4448 c.
1259 4393 1333 4461 111¹,

143 4497 168 4538 4,
192 4481 222 4535 p.
234 4465 329 4534 tranq.
414 4465 459 4530 97)
480 4462 509 4520 0.
521 4463 571 4532 22,·
586 4462 675 4518 Waitr
693 4463 710 4516 l.
722 4477 743 4517 c.
756 4462 830 4528 111²,
845 4477 873 4531 p.
886 4462 953 4530 ota
970 4462 1100 4518 &abac
1117 4463 1134 4518 l.
1147 4479 1169 4517 c.
1182 4461 1222 4531 H,
1236 4480 1266 4532 p.
1277 4464 1335 4519 101.

1147 4550 1284 4604 2*.
