3394 5116
372 457 586 514 HINGMARUS
605 456 652 513 ΒΕ
672 456 811 525 ORDINE
829 456 978 513 PALATII
996 475 1018 512 c.
1031 458 1150 512 20-22.
1298 457 1329 512 l'l

189 633 412 700 necessarium
440 655 515 701 esse
546 637 697 717 sentiret,
732 636 825 701 iuxta
855 656 1015 722 personae
1039 636 1231 721 qualitatem
1254 642 1288 701 et
1311 657 1330 700 a

189 741 345 807 perverso
370 742 470 786 sensu
493 723 546 786 vel
570 743 670 808 opere
694 723 861 788 retrahere
886 729 918 787 et
941 722 982 788 ad
1005 724 1091 787 viam
1115 722 1227 787 salutis
1252 743 1329 787 con-

189 813 317 872 vertere
341 807 497 874 studeret.
536 808 580 872 Et
603 815 735 874 caetera
758 810 950 894 spiritualia,
973 830 1185 894 quaecunque
1206 808 1329 895 palatio

189 899 258 958 tam
287 895 328 959 ab
360 893 490 959 assidue
521 896 788 961 conversantibus
812 917 973 981 quamque
998 901 1031 960 et
1054 918 1073 961 a
1097 896 1329 980 supervenien-

149 1005 160 1042 s
190 980 277 1046 tibus
302 982 371 1045 sive
395 980 575 1046 secundum
590 981 709 1062 Deum,
735 984 804 1047 sive
829 981 1006 1047 secundum
1030 983 1177 1047 seculum
1202 988 1238 1046 ut
1253 1003 1328 1068 pro-

189 1067 380 1132 viderentur
401 1075 434 1132 et
456 1068 727 1153 praeviderentur
756 1075 849 1135 erant
872 1069 1070 1149 necessaria,
1094 1089 1177 1154 quae
1194 1089 1328 1134 enume-

189 1173 261 1219 rare
284 1154 417 1239 longum
441 1160 502 1235 est,
526 1154 567 1219 ad
591 1156 662 1220 eius
687 1156 874 1241 specialiter
890 1177 1000 1220 curam
1016 1155 1241 1242 pertinebant;
1266 1176 1330 1219 non

189 1241 246 1321 ita,
269 1246 305 1304 ut
327 1242 423 1306 aliter
444 1241 532 1306 ullus
549 1243 618 1306 sive
634 1243 808 1327 palatinus,
833 1244 901 1307 sive
919 1249 1075 1307 externus
1092 1241 1329 1327 superveniens

191 1328 352 1413 sapientia
376 1333 408 1391 et
429 1349 508 1394 vera
531 1327 703 1394 devotione
727 1351 786 1415 per
808 1328 873 1394 Dei
889 1329 1028 1413 gratiam
1044 1329 1246 1393 illuminatus
1262 1329 1329 1392 tale

137 1438 162 1476 ιο
190 1414 312 1500 aliquid
335 1414 466 1480 minime
493 1421 617 1499 ageret,
642 1414 700 1481 sed
723 1415 866 1481 maxime
891 1415 1092 1480 consuetudo
1119 1420 1198 1498 erat,
1221 1420 1257 1478 ut
1274 1421 1329 1479 aut

191 1521 265 1564 cum
288 1499 403 1565 eodem
420 1502 627 1587 apocrisiario
644 1503 777 1588 pariter,
801 1508 857 1566 aut
873 1508 962 1568 certe
980 1523 1039 1589 per
1059 1503 1129 1566 eius
1147 1501 1330 1583 consilium,

191 1586 370 1673 quoderat
401 1587 580 1672 agendum,
604 1595 732 1674 ageret,
760 1610 802 1653 ne
831 1588 914 1654 forte
939 1588 1016 1675 quid
1040 1589 1145 1652 minus
1168 1588 1249 1653 utile
1273 1595 1330 1652 aut

190 1672 359 1759 indignum
382 1676 454 1759 regi
478 1675 672 1760 subriperet.

278 1759 356 1846 Oap.
382 1763 432 1825 21.
479 1753 649 1826 Comitis86
678 1765 788 1826 autem
817 1761 931 1847 palatii
957 1761 1044 1826 inter
1066 1764 1198 1826 caetera
1220 1781 1327 1846 paene
1431 1767 1433 1772 '

136 1870 161 1909 15
190 1846 440 1912 innumerabilia
470 1849 503 1912 in
538 1848 600 1912 boc
634 1849 777 1913 maxime
809 1847 993 1912 sollicitudo
1026 1851 1110 1927 erat,
1147 1853 1184 1910 ut
1214 1867 1327 1911 omnes

190 1934 416 1998 contentiones
449 1934 589 2019 legales,
630 1955 713 2019 quae
743 1935 823 1999 alibi
857 1940 949 2000 ortae
984 1940 1117 2020 propter
1152 1934 1327 2018 aequitatis

188 2018 342 2084 iudicium
371 2019 528 2105 palatium
562 2020 848 2106 aggrediebantur,
887 2022 972 2085 iuste
1011 2041 1049 2084 ac
1091 2020 1328 2084 rationabiliter

190 2104 421 2171 determinaret
444 2128 503 2172 seu
532 2128 687 2192 perverse
717 2107 859 2172 iudicata
887 2107 930 2172 ad
961 2107 1135 2190 aequitatis
1165 2107 1328 2170 tramitem

188 2184 407 2273 reduceretffl,
436 2199 472 2258 ut
501 2200 536 2258 et
564 2214 674 2259 coram
704 2193 776 2259 Dec
808 2200 942 2280 propter
972 2192 1127 2257 iustitiam
1159 2201 1191 2257 et
1220 2214 1329 2257 coram

134 2300 161 2340 ro
188 2277 372 2343 hominibus
396 2285 529 2365 propter
551 2281 662 2366 legum
679 2280 942 2346 observationem
958 2278 1082 2343 cunctis
1097 2279 1252 2364 placeret.
1292 2279 1328 2344 si

189 2365 265 2450 quid
298 2385 376 2430 vero
410 2368 477 2431 tale
502 2372 605 2447 esset,
636 2366 721 2451 quod
757 2367 849 2452 leges
883 2365 1068 2430 mundanae
1098 2366 1159 2430 hcc
1197 2366 1231 2429 in
1261 2367 1327 2429 suis

188 2451 435 2517 diffinitionibus
457 2459 613 2517 statutum
629 2474 693 2517 non
709 2453 871 2519 haberent
888 2458 944 2519 aut
961 2450 1139 2517 secundum
1156 2453 1327 2537 gentilium

189 2537 459 2605 consuetudinem
489 2538 652 2604 crudelius
682 2542 841 2605 sancitum
872 2546 974 2618 esset,
1009 2560 1106 2626 quam
1142 2539 1327 2604 christiani·

187 2625 264 2690 tatis
287 2623 470 2690 *rectitudo
486 2627 539 2690 vel
562 2635 675 2691 sancta
698 2627 874 2692 auctoritas
898 2627 1014 2691 merito
1038 2646 1101 2690 non
1119 2628 1438 2706 consentiret,*,‚.srs.

134 2735 159 2775 ss
187 2712 250 2776 hcc
281 2711 322 2776 ad
352 2713 439 2797 regis
467 2713 724 2778 moderationem
749 2712 994 2799 perduceretur,
1017 2718 1054 2776 ut
1076 2713 1147 2798 ipse
1172 2733 1245 2776 cum
1268 2712 1327 2790 his,

188 2799 243 2884 qui
265 2803 436 2883 utramque
459 2801 568 2884 legem
592 2806 726 2864 nossent
742 2807 775 2864 et
789 2800 853 2864 Dei
869 2801 984 2885 magis,
1001 2820 1097 2885 quam
1113 2798 1327 2863 humanarum

187 2887 298 2970 legum
331 2890 454 2950 statuta
480 2890 681 2968 metuerent,
712 2887 758 2950 ita
786 2885 987 2968 decerneret,
1017 2887 1065 2950 ita
1088 2891 1258 2965 statueret,
1282 2891 1328 2966 nt,

188 2971 244 3036 ubi
281 2978 455 3058 utrumque
494 2973 618 3037 servari
656 2980 786 3059 posset,
824 2980 998 3058 utrumque
1039 2978 1239 3052 servaretur,
1278 2972 1326 3035 sin

188 3064 312 3139 autem,
341 3059 398 3122 lex
422 3060 543 3124 saeculi
566 3060 682 3124 merito
708 3061 987 3146 comprimeretur,
1010 3059 1133 3123 iustitia
1156 3059 1219 3123 Dei
1248 3078 1327 3123 con-

135 3171 162 3210 so
189 3149 383 3210 servaretur.

275 3230 355 3317 Gap.
373 3234 424 3296 22.
457 3230 509 3296 De
533 3231 707 3297 honestate
724 3253 801 3296 vero
824 3231 937 3318 palatii
953 3252 1011 3296 seu
1028 3231 1214 3316 specialiter
1231 3249 1326 3294 orna·

188 3322 298 3383 mento
329 3318 431 3402 regali
463 3338 592 3383 necnon
615 3324 648 3383 et
671 3318 711 3384 de
735 3317 829 3383 donis
854 3319 968 3383 annuis
991 3308 1179 3396 militumlss,
1204 3316 1326 3402 absque

189 3404 263 3470 cibo
281 3410 314 3469 et
336 3411 417 3490 potu
440 3405 494 3470 vel
517 3407 619 3490 equis,
644 3405 685 3470 ad
708 3406 856 3490 reginam
880 3405 1055 3490 praecipue
1072 3411 1105 3469 et
1122 3403 1180 3468 sub
1197 3404 1269 3491 ipsa
1286 3403 1327 3468 ad

189 3482 439 3556 camerarium⁸⁹
462 3490 663 3578 pertinebat;
695 3497 728 3556 et
752 3491 930 3558 secundum
960 3493 1116 3576 cuiusque
1143 3491 1192 3555 rei
1222 3492 1326 3576 quali-

135 3603 160 3642 a
187 3580 289 3642 tatem
305 3578 449 3662 ipsorum
473 3576 655 3642 sollicitudo
686 3583 771 3658 erat,
801 3585 837 3643 ut
859 3585 1006 3664 tempore
1030 3597 1173 3662 congruo
1198 3598 1327 3662 semper

186 3663 297 3728 futura
312 3665 547 3750 prospicerent,
563 3687 605 3730 ne
624 3664 710 3750 quid,
725 3664 801 3728 dum
818 3686 899 3751 opus
916 3669 1014 3746 esset,
1028 3665 1193 3729 ullatenus
1207 3685 1326 3750 oppor-

187 3756 266 3815 tuno
282 3756 428 3836 tempore
445 3750 615 3816 defuisset.
640 3751 691 3817 De
708 3751 801 3816 donis
813 3772 891 3816 vero
908 3751 1108 3816 diversarum
1126 3752 1326 3835 legationum

188 3836 230 3901 ad
253 3838 468 3903 camerarium
484 3839 674 3923 aspiciebat,
698 3839 760 3903 nisi
776 3838 860 3902 forte
876 3838 1010 3903 iubente
1027 3858 1104 3922 rege
1121 3837 1187 3901 tale
1204 3837 1326 3922 aliquid

188 3928 293 4004 esset,
326 3924 413 4008 quod
450 3925 585 4008 reginae
614 3923 655 3989 ad
683 3925 888 3989 tractandum
913 3946 986 3989 cum
1017 3925 1088 4010 ipso
1121 3929 1326 4009 congrueret.

134 4035 160 4073 ιο
187 4008 281 4075 Haec
305 4016 415 4075 autem
432 4011 539 4075 omnia
563 4011 661 4076 ethis
687 4011 806 4075 similia
825 4033 864 4076 eo
881 4009 1106 4091 intendebant,
1129 4016 1166 4074 ut
1181 4011 1222 4075 ab
1239 4011 1326 4074 omni

187 4097 404 4163 sollicitudine
420 4097 600 4162 domestica
616 4099 669 4164 vel
691 4099 847 4184 palatina,
870 4099 1075 4183 inquantum
1092 4096 1327 4162 rationabiliter

272 4251 317 4318 86)
344 4250 401 4318 CYr.
419 4253 461 4306 16.
480 4252 528 4319 19;
557 4250 646 4306 Waita
672 4251 687 4305 t.
706 4267 727 4306 c.
750 4251 819 4320 11⁷²,
841 4267 871 4319 p.
889 4251 1017 4320 485qu
1042 4251 1176 4304 Brasaca
1203 4250 1220 4304 l.
1237 4265 1258 4304 c.
1283 4248 1325 4315 11,

182 4337 212 4388 p.
226 4319 358 4406 108qu.;
380 4319 427 4386 td,
451 4319 647 4390 Forscbuapeo
664 4337 694 4389 p.
705 4321 752 4375 141
760 4337 797 4389 sq.
821 4321 880 4386 282,
904 4325 960 4374 not.
1059 4320 1104 4386 87)
1131 4318 1187 4386 Osr.
1214 4317 1327 4441 Geaplcr

134 4481 159 4519 ⁴⁵
186 4389 439 4528 111}szprth
451 4391 494 4445 54.
575 4391 620 4458 88)
642 4389 698 4455 Otr.
716 4391 794 4445 c.2'l.
865 4391 910 4458 89)
932 4389 988 4456 Ofr.
1006 4405 1027 4443 c.
1038 4391 1079 4444 16.
1097 4390 1144 4457 325
1164 4388 1253 4442 Wartr
1282 4404 1325 4443 .c.

238 4559 365 4600 mucuns.
1152 4545 1170 4598 2
